@article{dewergifosseNonlinearresponsePropertiesSimplified2019,
	title = {Nonlinear-Response Properties in a Simplified Time-Dependent Density Functional Theory ({{sTD-DFT}}) Framework: {{Evaluation}} of Excited-State Absorption Spectra},
	author = {{de Wergifosse}, Marc and Grimme, Stefan},
	year = {2019},
	journal = {J. Chem. Phys.},
	volume = {150},
	pages = {094112},
	url = {https://dx.doi.org/10.1063/1.5080199}
}

@article{dewergifossePerspectiveSimplifiedQuantum2021,
	title = {Perspective on {{Simplified Quantum Chemistry Methods}} for {{Excited States}} and {{Response Properties}}},
	author = {{de Wergifosse}, Marc and Grimme, Stefan},
	year = {2021},
	journal = {J. Phys. Chem. A},
	volume = {125},
	pages = {3841--3851},
	url = {https://dx.doi.org/10.1021/acs.jpca.1c02362}
}

@article{deWergifosse2018NLObeta,
	title = {Nonlinear-response properties in a simplified time-dependent density functional theory (sTD-DFT) framework: Evaluation of the first hyperpolarizability},
	author = {de Wergifosse, Marc and Grimme, Stefan},
	journal = {J. Chem. Phys.},
	volume = {149},
	
	pages = {024108},
	year = {2018},
	publisher = {AIP Publishing LLC},
	url = {https://dx.doi.org/10.1063/1.5037665}
}